
@article{mccarthy_proposal_2006,
	title = {A {Proposal} for the {Dartmouth} {Summer} {Research} {Project} on {Artificial} {Intelligence}, {August} 31, 1955},
	volume = {27},
	copyright = {Copyright (c)},
	issn = {0738-4602},
	url = {http://www.aaai.org/ojs/index.php/aimagazine/article/view/1904},
	number = {4},
	urldate = {2015-11-15},
	journal = {AI Magazine},
	author = {McCarthy, John and Minsky, Marvin L. and Rochester, Nathaniel and Shannon, Claude E.},
	month = dec,
	year = {2006},
	pages = {12},
	file = {Full Text PDF:/Users/Kevin/Library/Application Support/Zotero/Profiles/j2ehnqa5.default/zotero/storage/KZFX888C/McCarthy et al. - 2006 - A Proposal for the Dartmouth Summer Research Proje.pdf:application/pdf;Snapshot:/Users/Kevin/Library/Application Support/Zotero/Profiles/j2ehnqa5.default/zotero/storage/HU3FWXI3/1802.html:text/html}
}

@article{cooper_evaluation_1997,
	title = {An evaluation of machine-learning methods for predicting pneumonia mortality},
	volume = {9},
	url = {http://www.sciencedirect.com/science/article/pii/S0933365796003673},
	number = {2},
	urldate = {2015-11-15},
	journal = {Artificial intelligence in medicine},
	author = {Cooper, Gregory F. and Aliferis, Constantin F. and Ambrosino, Richard and Aronis, John and Buchanan, Bruce G. and Caruana, Richard and Fine, Michael J. and Glymour, Clark and Gordon, Geoffrey and Hanusa, Barbara H. and {others}},
	year = {1997},
	pages = {107--138},
	file = {[PDF] from cmu.edu:/Users/Kevin/Library/Application Support/Zotero/Profiles/j2ehnqa5.default/zotero/storage/FFAPC3JG/Cooper et al. - 1997 - An evaluation of machine-learning methods for pred.pdf:application/pdf;Snapshot:/Users/Kevin/Library/Application Support/Zotero/Profiles/j2ehnqa5.default/zotero/storage/ZAVVAZXN/S0933365796003673.html:text/html}
}

@inproceedings{sarmiento_fault_2005,
	title = {Fault detection in reactive ion etching systems using one-class support vector machines},
	url = {\url{http://ieeexplore.ieee.org/xpls/abs_all.jsp?arnumber=1438783}},
	urldate = {2015-11-15},
	booktitle = {Advanced Semiconductor Manufacturing Conference and Workshop, 2005 IEEE/SEMI},
	publisher = {IEEE},
	author = {Sarmiento, Tomás and Hong, Sang J. and May, Gary S.},
	year = {2005},
	pages = {139--142},
	file = {Snapshot:/Users/Kevin/Library/Application Support/Zotero/Profiles/j2ehnqa5.default/zotero/storage/JMAKGAKR/login.html:text/html}
}

@article{juszczak_off--peg_2008,
	title = {Off-the-peg and bespoke classifiers for fraud detection},
	volume = {52},
	url = {http://www.sciencedirect.com/science/article/pii/S0167947308001710},
	number = {9},
	urldate = {2015-11-15},
	journal = {Computational Statistics \& Data Analysis},
	author = {Juszczak, Piotr and Adams, Niall M. and Hand, David J. and Whitrow, Christopher and Weston, David J.},
	year = {2008},
	pages = {4521--4532},
	file = {Snapshot:/Users/Kevin/Library/Application Support/Zotero/Profiles/j2ehnqa5.default/zotero/storage/T62W36AH/S0167947308001710.html:text/html}
}

@phdthesis{hempstalk_continuous_2009,
	title = {Continuous typist verification using machine learning},
	url = {http://researchcommons.waikato.ac.nz/handle/10289/3282},
	urldate = {2015-11-15},
	school = {The University of Waikato},
	author = {Hempstalk, Kathryn},
	year = {2009},
	file = {[PDF] from waikato.ac.nz:/Users/Kevin/Library/Application Support/Zotero/Profiles/j2ehnqa5.default/zotero/storage/C7GR2ZTA/Hempstalk - 2009 - Continuous typist verification using machine learn.pdf:application/pdf;Snapshot:/Users/Kevin/Library/Application Support/Zotero/Profiles/j2ehnqa5.default/zotero/storage/SGWX7TWH/3282.html:text/html}
}

@article{hand_statistical_1997,
	title = {Statistical classification methods in consumer credit scoring: a review},
	shorttitle = {Statistical classification methods in consumer credit scoring},
	url = {http://www.jstor.org/stable/2983268},
	urldate = {2015-11-15},
	journal = {Journal of the Royal Statistical Society. Series A (Statistics in Society)},
	author = {Hand, David J. and Henley, William E.},
	year = {1997},
	pages = {523--541},
	file = {Snapshot:/Users/Kevin/Library/Application Support/Zotero/Profiles/j2ehnqa5.default/zotero/storage/UZI3Q4WR/2983268.html:text/html}
}

@book{bishop_neural_1995,
	title = {Neural networks for pattern recognition},
	url = {https://books.google.com/books?hl=en&lr=&id=T0S0BgAAQBAJ&oi=fnd&pg=PP1&dq=Bishop,+C.+(1995).+Neural+Networks+for+Pattern+Recognition.+Oxford+University+Press,+UK.+27,+35,+38&ots=jL6-pJ5ukj&sig=j3KHRwJBohegmZhIHbMouM41uoE},
	urldate = {2015-11-19},
	publisher = {Oxford university press},
	author = {Bishop, Christopher M.},
	year = {1995},
	file = {[PDF] from upm.ro:/Users/Kevin/Library/Application Support/Zotero/Profiles/j2ehnqa5.default/zotero/storage/9S48RV3V/Bishop - 1995 - Neural networks for pattern recognition.pdf:application/pdf;Snapshot:/Users/Kevin/Library/Application Support/Zotero/Profiles/j2ehnqa5.default/zotero/storage/9D3X8TMR/books.html:text/html}
}

@article{thomas_consumer_2010,
	title = {Consumer finance: {Challenges} for operational research},
	volume = {61},
	shorttitle = {Consumer finance},
	url = {http://www.palgrave-journals.com/jors/journal/v61/n1/abs/jors2009104a.html},
	number = {1},
	urldate = {2015-11-15},
	journal = {Journal of the Operational Research Society},
	author = {Thomas, Lyn C.},
	year = {2010},
	pages = {41--52},
	file = {[HTML] from palgrave-journals.com:/Users/Kevin/Library/Application Support/Zotero/Profiles/j2ehnqa5.default/zotero/storage/BIRUHHZQ/jors2009104a.html:text/html;Snapshot:/Users/Kevin/Library/Application Support/Zotero/Profiles/j2ehnqa5.default/zotero/storage/NH4NS258/jors2009104a.html:text/html}
}

@article{baesens_50_2009,
	title = {50 years of data mining and {OR}: upcoming trends and challenges},
	shorttitle = {50 years of data mining and {OR}},
	url = {http://www.palgrave-journals.com/jors/journal/v60/ns1/abs/jors2008171a.html},
	urldate = {2015-11-15},
	journal = {Journal of the Operational Research Society},
	author = {Baesens, Bart and Mues, Christophe and Martens, David and Vanthienen, Jan},
	year = {2009},
	pages = {S16--S23},
	file = {[HTML] from palgrave-journals.com:/Users/Kevin/Library/Application Support/Zotero/Profiles/j2ehnqa5.default/zotero/storage/PDPKCZR5/jors2008171a.html:text/html;Snapshot:/Users/Kevin/Library/Application Support/Zotero/Profiles/j2ehnqa5.default/zotero/storage/9EPWB24T/jors2008171a.html:text/html}
}

@article{hosmer_applied_2000,
	title = {Applied {Logistic} {Regression}. {John} {Wiley} \& {Sons}, {Inc}},
	journal = {New York},
	author = {Hosmer, David W. and Lemeshow, Stanley},
	year = {2000}
}

@article{hand_evaluating_2010,
	title = {Evaluating models for classifying customers in retail banking collections},
	volume = {61},
	url = {http://www.palgrave-journals.com/jors/journal/v61/n10/abs/jors2009129a.html},
	number = {10},
	urldate = {2015-11-15},
	journal = {Journal of the Operational Research Society},
	author = {Hand, D. J. and Zhou, F.},
	year = {2010},
	pages = {1540--1547},
	file = {[HTML] from palgrave-journals.com:/Users/Kevin/Library/Application Support/Zotero/Profiles/j2ehnqa5.default/zotero/storage/I6VU883G/jors2009129a.html:text/html;Snapshot:/Users/Kevin/Library/Application Support/Zotero/Profiles/j2ehnqa5.default/zotero/storage/UU3GJNMA/jors2009129a.html:text/html}
}

@article{lee_application_2005,
	title = {Application of logistic regression model and its validation for landslide susceptibility mapping using {GIS} and remote sensing data},
	volume = {26},
	url = {http://www.tandfonline.com/doi/abs/10.1080/01431160412331331012},
	number = {7},
	urldate = {2015-11-15},
	journal = {International Journal of Remote Sensing},
	author = {Lee, S.},
	year = {2005},
	pages = {1477--1491},
	file = {Snapshot:/Users/Kevin/Library/Application Support/Zotero/Profiles/j2ehnqa5.default/zotero/storage/IUM96UE9/cookieAbsent.html:text/html}
}

@inproceedings{japkowicz_class_2000,
	title = {The class imbalance problem: {Significance} and strategies},
	shorttitle = {The class imbalance problem},
	url = "\url{http://citeseerx.ist.psu.edu/viewdoc/download?doi=10.1.1.35.1693&rep=rep1&type=pdf}",
	urldate = {2015-11-15},
	booktitle = {Proc. of the {Int}’l {Conf}. on {Artificial} {Intelligence}},
	publisher = {Citeseer},
	author = {Japkowicz, Nathalie},
	year = {2000},
	file = {[PDF] from psu.edu:/Users/Kevin/Library/Application Support/Zotero/Profiles/j2ehnqa5.default/zotero/storage/7DDSMBRX/Japkowicz - 2000 - The class imbalance problem Significance and stra.pdf:application/pdf}
}

@incollection{drummond_severe_2005,
	title = {Severe class imbalance: {Why} better algorithms aren’t the answer},
	shorttitle = {Severe class imbalance},
	url = "\url{http://link.springer.com/chapter/10.1007/11564096_52}",
	urldate = {2015-11-15},
	booktitle = {Machine {Learning}: {ECML} 2005},
	publisher = {Springer},
	author = {Drummond, Chris and Holte, Robert C.},
	year = {2005},
	pages = {539--546},
	file = {[PDF] from nrc-cnrc.gc.ca:/Users/Kevin/Library/Application Support/Zotero/Profiles/j2ehnqa5.default/zotero/storage/PUJK7SPU/Drummond and Holte - 2005 - Severe class imbalance Why better algorithms aren.pdf:application/pdf;Snapshot:/Users/Kevin/Library/Application Support/Zotero/Profiles/j2ehnqa5.default/zotero/storage/JG4IBSXW/11564096_52.html:text/html}
}

@article{weiss_mining_2004,
	title = {Mining with rarity: a unifying framework},
	volume = {6},
	shorttitle = {Mining with rarity},
	url = {http://dl.acm.org/citation.cfm?id=1007734},
	number = {1},
	urldate = {2015-11-15},
	journal = {ACM SIGKDD Explorations Newsletter},
	author = {Weiss, Gary M.},
	year = {2004},
	pages = {7--19},
	file = {[PDF] from researchgate.net:/Users/Kevin/Library/Application Support/Zotero/Profiles/j2ehnqa5.default/zotero/storage/H5GED3CJ/Weiss - 2004 - Mining with rarity a unifying framework.pdf:application/pdf;Snapshot:/Users/Kevin/Library/Application Support/Zotero/Profiles/j2ehnqa5.default/zotero/storage/EGP38QD8/citation.html:text/html}
}

@article{chawla_editorial:_2004,
	title = {Editorial: special issue on learning from imbalanced data sets},
	volume = {6},
	shorttitle = {Editorial},
	url = {http://dl.acm.org/citation.cfm?id=1007733},
	number = {1},
	urldate = {2015-11-15},
	journal = {ACM Sigkdd Explorations Newsletter},
	author = {Chawla, Nitesh V. and Japkowicz, Nathalie and Kotcz, Aleksander},
	year = {2004},
	pages = {1--6},
	file = {[PDF] from nd.edu:/Users/Kevin/Library/Application Support/Zotero/Profiles/j2ehnqa5.default/zotero/storage/H4IVGVDK/Chawla et al. - 2004 - Editorial special issue on learning from imbalanc.pdf:application/pdf;Snapshot:/Users/Kevin/Library/Application Support/Zotero/Profiles/j2ehnqa5.default/zotero/storage/RZWPRCJR/citation.html:text/html}
}

@article{hawkins_problem_2004,
	title = {The problem of overfitting},
	volume = {44},
	url = {http://pubs.acs.org/doi/pdf/10.1021/ci0342472},
	number = {1},
	urldate = {2015-11-15},
	journal = {Journal of chemical information and computer sciences},
	author = {Hawkins, Douglas M.},
	year = {2004},
	pages = {1--12},
	file = {Snapshot:/Users/Kevin/Library/Application Support/Zotero/Profiles/j2ehnqa5.default/zotero/storage/C9DWU46I/cookieAbsent.html:text/html}
}

@inproceedings{provost_machine_2000,
	title = {Machine learning from imbalanced data sets 101},
	url = {http://www.aaai.org/Papers/Workshops/2000/WS-00-05/WS00-05-001.pdf},
	urldate = {2015-11-16},
	booktitle = {Proceedings of the {AAAI}’2000 workshop on imbalanced data sets},
	author = {Provost, Foster},
	year = {2000},
	pages = {1--3},
	file = {[PDF] from aaai.org:/Users/Kevin/Library/Application Support/Zotero/Profiles/j2ehnqa5.default/zotero/storage/6A6DM49E/Provost - 2000 - Machine learning from imbalanced data sets 101.pdf:application/pdf}
}

@article{chapelle_semi-supervised_2006,
	title = {Semi-supervised learning},
	url = {http://www.acad.bg/ebook/ml/MITPress-%20SemiSupervised%20Learning.pdf},
	urldate = {2015-11-16},
	author = {Chapelle, Olivier and Schölkopf, Bernhard and Zien, Alexander and {others}},
	year = {2006},
	file = {[PDF] from acad.bg:/Users/Kevin/Library/Application Support/Zotero/Profiles/j2ehnqa5.default/zotero/storage/PHJA9VQU/Chapelle et al. - 2006 - Semi-supervised learning.pdf:application/pdf}
}

@article{zhu_introduction_2009,
	title = {Introduction to semi-supervised learning},
	volume = {3},
	url = {http://www.morganclaypool.com/doi/abs/10.2200/S00196ED1V01Y200906AIM006},
	number = {1},
	urldate = {2015-11-16},
	journal = {Synthesis lectures on artificial intelligence and machine learning},
	author = {Zhu, Xiaojin and Goldberg, Andrew B.},
	year = {2009},
	pages = {1--130},
	file = {Snapshot:/Users/Kevin/Library/Application Support/Zotero/Profiles/j2ehnqa5.default/zotero/storage/HKQRSN86/cookieAbsent.html:text/html}
}

@techreport{moya_one-class_1993,
	title = {One-class classifier networks for target recognition applications},
	url = {http://www.osti.gov/scitech/biblio/6755553},
	urldate = {2015-11-16},
	institution = {Sandia National Labs., Albuquerque, NM (United States)},
	author = {Moya, Mary M. and Koch, Mark W. and Hostetler, Larry D.},
	year = {1993},
	file = {Snapshot:/Users/Kevin/Library/Application Support/Zotero/Profiles/j2ehnqa5.default/zotero/storage/8RPNAAAZ/6755553.html:text/html}
}

@article{chandola_anomaly_2009,
	title = {Anomaly detection: {A} survey},
	volume = {41},
	shorttitle = {Anomaly detection},
	url = {http://dl.acm.org/citation.cfm?id=1541882},
	number = {3},
	urldate = {2015-11-16},
	journal = {ACM computing surveys (CSUR)},
	author = {Chandola, Varun and Banerjee, Arindam and Kumar, Vipin},
	year = {2009},
	pages = {15},
	file = {[PDF] from researchgate.net:/Users/Kevin/Library/Application Support/Zotero/Profiles/j2ehnqa5.default/zotero/storage/R3QW9HT4/Chandola et al. - 2009 - Anomaly detection A survey.pdf:application/pdf;Snapshot:/Users/Kevin/Library/Application Support/Zotero/Profiles/j2ehnqa5.default/zotero/storage/6SZPPNGP/citation.html:text/html}
}

@phdthesis{japkowicz_concept-learning_1999,
	title = {Concept-learning in the absence of counter-examples: an autoassociation-based approach to classification},
	shorttitle = {Concept-learning in the absence of counter-examples},
	url = {http://www.researchgate.net/profile/Stephen_Hanson3/publication/2293736_Concept-Learning_In_The_Absence_Of_Counter-Examples_An_Autoassociation-Based_Approach_To_Classification/links/02e7e51b889e587d59000000.pdf},
	urldate = {2015-11-19},
	school = {Rutgers, The State University of New Jersey},
	author = {Japkowicz, Nathalie},
	year = {1999},
	file = {[PDF] from researchgate.net:/Users/Kevin/Library/Application Support/Zotero/Profiles/j2ehnqa5.default/zotero/storage/VKSKDBXK/Japkowicz - 1999 - Concept-learning in the absence of counter-example.pdf:application/pdf}
}

@article{hinton_connectionist_1989,
	title = {Connectionist learning procedures},
	volume = {40},
	url = {http://www.sciencedirect.com/science/article/pii/0004370289900490},
	number = {1},
	urldate = {2015-11-19},
	journal = {Artificial intelligence},
	author = {Hinton, Geoffrey E.},
	year = {1989},
	pages = {185--234},
	file = {[PDF] from ed.gov:/Users/Kevin/Library/Application Support/Zotero/Profiles/j2ehnqa5.default/zotero/storage/TNA6SNK6/Hinton - 1989 - Connectionist learning procedures.pdf:application/pdf;Snapshot:/Users/Kevin/Library/Application Support/Zotero/Profiles/j2ehnqa5.default/zotero/storage/TDM2CPJR/0004370289900490.html:text/html}
}

@article{dietterich_approximate_1998,
	title = {Approximate statistical tests for comparing supervised classification learning algorithms},
	volume = {10},
	url = {http://www.mitpressjournals.org/doi/abs/10.1162/089976698300017197},
	number = {7},
	urldate = {2015-11-19},
	journal = {Neural computation},
	author = {Dietterich, Thomas G.},
	year = {1998},
	pages = {1895--1923},
	file = {[PDF] from psu.edu:/Users/Kevin/Library/Application Support/Zotero/Profiles/j2ehnqa5.default/zotero/storage/H99U8GP8/Dietterich - 1998 - Approximate statistical tests for comparing superv.pdf:application/pdf;Snapshot:/Users/Kevin/Library/Application Support/Zotero/Profiles/j2ehnqa5.default/zotero/storage/SFUVGNQS/cookieAbsent.html:text/html}
}

@article{lessmann_benchmarking_2008,
	title = {Benchmarking classification models for software defect prediction: {A} proposed framework and novel findings},
	volume = {34},
	shorttitle = {Benchmarking classification models for software defect prediction},
	url = "\url{http://ieeexplore.ieee.org/xpls/abs_all.jsp?arnumber=4527256}",
	number = {4},
	urldate = {2015-11-19},
	journal = {Software Engineering, IEEE Transactions on},
	author = {Lessmann, Stefan and Baesens, Bart and Mues, Christophe and Pietsch, Swantje},
	year = {2008},
	pages = {485--496},
	file = {Snapshot:/Users/Kevin/Library/Application Support/Zotero/Profiles/j2ehnqa5.default/zotero/storage/B38PVJXE/login.html:text/html}
}

@article{bradley_use_1997,
	title = {The use of the area under the {ROC} curve in the evaluation of machine learning algorithms},
	volume = {30},
	url = {http://www.sciencedirect.com/science/article/pii/S0031320396001422},
	number = {7},
	urldate = {2015-11-19},
	journal = {Pattern recognition},
	author = {Bradley, Andrew P.},
	year = {1997},
	pages = {1145--1159},
	file = {[PDF] from uq.edu.au:/Users/Kevin/Library/Application Support/Zotero/Profiles/j2ehnqa5.default/zotero/storage/WMMKXC8N/Bradley - 1997 - The use of the area under the ROC curve in the eva.pdf:application/pdf;Snapshot:/Users/Kevin/Library/Application Support/Zotero/Profiles/j2ehnqa5.default/zotero/storage/96TDIQVP/S0031320396001422.html:text/html}
}

@article{hanley_meaning_1982,
	title = {The meaning and use of the area under a receiver operating characteristic ({ROC}) curve.},
	volume = {143},
	url = {http://pubs.rsna.org/doi/abs/10.1148/radiology.143.1.7063747},
	number = {1},
	urldate = {2015-11-19},
	journal = {Radiology},
	author = {Hanley, James A. and McNeil, Barbara J.},
	year = {1982},
	pages = {29--36},
	file = {Snapshot:/Users/Kevin/Library/Application Support/Zotero/Profiles/j2ehnqa5.default/zotero/storage/IWTFNZPN/cookieAbsent.html:text/html}
}

@article{fawcett_introduction_2006,
	title = {An introduction to {ROC} analysis},
	volume = {27},
	url = {http://www.sciencedirect.com/science/article/pii/S016786550500303X},
	number = {8},
	urldate = {2015-11-19},
	journal = {Pattern recognition letters},
	author = {Fawcett, Tom},
	year = {2006},
	pages = {861--874},
	file = {[PDF] from elte.hu:/Users/Kevin/Library/Application Support/Zotero/Profiles/j2ehnqa5.default/zotero/storage/UPHSMQZ7/Fawcett - 2006 - An introduction to ROC analysis.pdf:application/pdf;Snapshot:/Users/Kevin/Library/Application Support/Zotero/Profiles/j2ehnqa5.default/zotero/storage/DMPG62WS/S016786550500303X.html:text/html}
}

@article{hand_good_2005,
	title = {Good practice in retail credit scorecard assessment},
	volume = {56},
	url = {http://www.palgrave-journals.com/jors/journal/v56/n9/abs/2601932a.html},
	number = {9},
	urldate = {2015-11-19},
	journal = {Journal of the Operational Research Society},
	author = {Hand, David J.},
	year = {2005},
	pages = {1109--1117},
	file = {[HTML] from palgrave-journals.com:/Users/Kevin/Library/Application Support/Zotero/Profiles/j2ehnqa5.default/zotero/storage/T7TGB74J/2601932a.html:text/html;Snapshot:/Users/Kevin/Library/Application Support/Zotero/Profiles/j2ehnqa5.default/zotero/storage/4CUTMTU6/2601932a.html:text/html}
}

@inproceedings{seliya_study_2009,
	title = {A study on the relationships of classifier performance metrics},
	url = "\url{http://ieeexplore.ieee.org/xpls/abs_all.jsp?arnumber=5364367}",
	urldate = {2015-11-19},
	booktitle = {Tools with {Artificial} {Intelligence}, 2009. {ICTAI}'09. 21st {International} {Conference} on},
	publisher = {IEEE},
	author = {Seliya, Naeem and Khoshgoftaar, Taghi M. and Van Hulse, Jason},
	year = {2009},
	pages = {59--66},
	file = {Snapshot:/Users/Kevin/Library/Application Support/Zotero/Profiles/j2ehnqa5.default/zotero/storage/JP2ZW8M4/login.html:text/html}
}

@article{hand_measuring_2009,
	title = {Measuring classifier performance: a coherent alternative to the area under the {ROC} curve},
	volume = {77},
	shorttitle = {Measuring classifier performance},
	url = {http://link.springer.com/article/10.1007/s10994-009-5119-5},
	number = {1},
	urldate = {2015-11-19},
	journal = {Machine learning},
	author = {Hand, David J.},
	year = {2009},
	pages = {103--123},
	file = {[PDF] from iastate.edu:/Users/Kevin/Library/Application Support/Zotero/Profiles/j2ehnqa5.default/zotero/storage/ZXK3MF6F/Hand - 2009 - Measuring classifier performance a coherent alter.pdf:application/pdf;Snapshot:/Users/Kevin/Library/Application Support/Zotero/Profiles/j2ehnqa5.default/zotero/storage/8UDJP6IW/s10994-009-5119-5.html:text/html}
}

@book{japkowicz_evaluating_2011,
	title = {Evaluating learning algorithms: a classification perspective},
	shorttitle = {Evaluating learning algorithms},
	url = {https://books.google.com/books?hl=en&lr=&id=VoWIIOKVzR4C&oi=fnd&pg=PR7&dq=vol.+1,+111%E2%80%93117.+29+Japkowicz,+N.+%26+Shah,+M.+(2011).+Evaluating+Learning+Algorithms:+A+Classifi-+cation+Perspective.+Cambridge+University+Press,+1st+edn.+39,+47,+75,+116,+230&ots=5w68QLJwII&sig=EndE7EH_ACNDxXcuyHbHnJkaKOg},
	urldate = {2015-11-19},
	publisher = {Cambridge University Press},
	author = {Japkowicz, Nathalie and Shah, Mohak},
	year = {2011},
	file = {[PDF] from langtoninfo.com:/Users/Kevin/Library/Application Support/Zotero/Profiles/j2ehnqa5.default/zotero/storage/8RZFI46N/Japkowicz and Shah - 2011 - Evaluating learning algorithms a classification p.pdf:application/pdf;Snapshot:/Users/Kevin/Library/Application Support/Zotero/Profiles/j2ehnqa5.default/zotero/storage/NVH5VSKP/books.html:text/html}
}

@article{kim_estimating_2009,
	title = {Estimating classification error rate: {Repeated} cross-validation, repeated hold-out and bootstrap},
	volume = {53},
	shorttitle = {Estimating classification error rate},
	url = {http://www.sciencedirect.com/science/article/pii/S0167947309001601},
	number = {11},
	urldate = {2015-11-19},
	journal = {Computational Statistics \& Data Analysis},
	author = {Kim, Ji-Hyun},
	year = {2009},
	pages = {3735--3745},
	file = {[PDF] from soongsil.ac.kr:/Users/Kevin/Library/Application Support/Zotero/Profiles/j2ehnqa5.default/zotero/storage/TFIWMRT9/Kim - 2009 - Estimating classification error rate Repeated cro.pdf:application/pdf;Snapshot:/Users/Kevin/Library/Application Support/Zotero/Profiles/j2ehnqa5.default/zotero/storage/SRXTH7CR/S0167947309001601.html:text/html}
}

@article{brown_experimental_2012,
	title = {An experimental comparison of classification algorithms for imbalanced credit scoring data sets},
	volume = {39},
	url = {http://www.sciencedirect.com/science/article/pii/S095741741101342X},
	number = {3},
	urldate = {2015-11-19},
	journal = {Expert Systems with Applications},
	author = {Brown, Iain and Mues, Christophe},
	year = {2012},
	pages = {3446--3453},
	file = {[HTML] from sciencedirect.com:/Users/Kevin/Library/Application Support/Zotero/Profiles/j2ehnqa5.default/zotero/storage/7WB9TS59/S095741741101342X.html:text/html}
}

@article{demsar_statistical_2006,
	title = {Statistical comparisons of classifiers over multiple data sets},
	volume = {7},
	url = {http://dl.acm.org/citation.cfm?id=1248548},
	urldate = {2015-11-19},
	journal = {The Journal of Machine Learning Research},
	author = {Demšar, Janez},
	year = {2006},
	pages = {1--30},
	file = {[PDF] from wustl.edu:/Users/Kevin/Library/Application Support/Zotero/Profiles/j2ehnqa5.default/zotero/storage/42C43X6Z/Demšar - 2006 - Statistical comparisons of classifiers over multip.pdf:application/pdf;Snapshot:/Users/Kevin/Library/Application Support/Zotero/Profiles/j2ehnqa5.default/zotero/storage/RVEHCBPA/citation.html:text/html}
}

@book{anderson_credit_2007,
	title = {The {Credit} {Scoring} {Toolkit}: {Theory} and {Practice} for {Retail} {Credit} {Risk} {Management} and {Decision} {Automation}: {Theory} and {Practice} for {Retail} {Credit} {Risk} {Management} and {Decision} {Automation}},
	shorttitle = {The {Credit} {Scoring} {Toolkit}},
	publisher = {OUP Oxford},
	author = {Anderson, Raymond},
	year = {2007}
}

@book{siddiqi_credit_2012,
	title = {Credit risk scorecards: developing and implementing intelligent credit scoring},
	volume = {3},
	shorttitle = {Credit risk scorecards},
	url = {https://books.google.com/books?hl=en&lr=&id=SEbCeN3-kEUC&oi=fnd&pg=PT7&dq=Siddiqi,+N.+(2005).+Credit+risk+scorecards:+Developing+and+implementing+intelligent+credit+scoring.+John+Wiley+%26+Sons:+Hoboken,+NJ,+USA.+64,+65,+71,+73,+74,+76,+82,+84,+85,+89,+92,+93&ots=RtST0PePkP&sig=NWI-2jr_RcGiUp8DRr0LID1guME},
	urldate = {2015-11-20},
	publisher = {John Wiley \& Sons},
	author = {Siddiqi, Naeem},
	year = {2012},
	file = {Snapshot:/Users/Kevin/Library/Application Support/Zotero/Profiles/j2ehnqa5.default/zotero/storage/93FK2HCR/books.html:text/html}
}

@book{thomas_consumer_2009,
	title = {Consumer {Credit} {Models}: {Pricing}, {Profit} and {Portfolios}: {Pricing}, {Profit} and {Portfolios}},
	shorttitle = {Consumer {Credit} {Models}},
	url = {https://books.google.com/books?hl=en&lr=&id=zH3OHkVQZFwC&oi=fnd&pg=PR11&dq=Thomas,+L.+(2009a).+Consumer+credit+models:+Pricing,+profit,+and+portfolios.+Oxford+University+Press,+USA.+52,+56,+62,+65,+75,+76,+79,+82,+83,+86,+88,+93,+111&ots=KW01HWczTG&sig=25s3Pjf-OkZQFZZZpSqMIA02DuU},
	urldate = {2015-11-20},
	publisher = {OUP Oxford},
	author = {Thomas, Lyn C.},
	year = {2009},
	file = {Snapshot:/Users/Kevin/Library/Application Support/Zotero/Profiles/j2ehnqa5.default/zotero/storage/BD2WZXZQ/books.html:text/html}
}

@book{van_gestel_credit_2009,
	title = {Credit risk management: basic concepts: financial risk components, rating analysis, models, economic and regulatory capital},
	shorttitle = {Credit risk management},
	url = "\url{http://is.muni.cz/do/econ/soubory/aktivity/fai/17809295/FAI_issue2010_01_valova.pdf?so=ed;pocnep=1}",
	urldate = {2015-11-20},
	publisher = {Oxford University Press},
	author = {Van Gestel, Tony and Baesens, Bart},
	year = {2009},
	file = {Snapshot:/Users/Kevin/Library/Application Support/Zotero/Profiles/j2ehnqa5.default/zotero/storage/MS83RVFH/FAI_issue2010_01_valova.pdf:application/pdf}
}

@misc{_poll:_????,
	title = {Poll: {Data} preparation part in data mining projects},
	url = {http://www.kdnuggets.com/polls/2003/data_preparation.htm},
	urldate = {2015-11-20},
	file = {Poll\: Data preparation part in data mining projects:/Users/Kevin/Library/Application Support/Zotero/Profiles/j2ehnqa5.default/zotero/storage/P2KZDJR2/data_preparation.html:text/html}
}

@article{baesens_50_2009-1,
	title = {50 years of data mining and {OR}: upcoming trends and challenges},
	shorttitle = {50 years of data mining and {OR}},
	url = {http://www.palgrave-journals.com/jors/journal/v60/ns1/abs/jors2008171a.html},
	urldate = {2015-11-21},
	journal = {Journal of the Operational Research Society},
	author = {Baesens, Bart and Mues, Christophe and Martens, David and Vanthienen, Jan},
	year = {2009},
	pages = {S16--S23},
	file = {[HTML] from palgrave-journals.com:/Users/Kevin/Library/Application Support/Zotero/Profiles/j2ehnqa5.default/zotero/storage/CJIUAN44/jors2008171a.html:text/html;Snapshot:/Users/Kevin/Library/Application Support/Zotero/Profiles/j2ehnqa5.default/zotero/storage/8URMI95I/jors2008171a.html:text/html}
}

@inproceedings{lindsay_mobile_2010,
	title = {Mobile access to information systems in law enforcement: an evaluation of its implications for data quality},
	shorttitle = {Mobile access to information systems in law enforcement},
	url = {https://books.google.com/books?hl=en&lr=&id=37_9weEuiqUC&oi=fnd&pg=PA188&dq=Lindsay,+R.,+Jackson,+T.+%26+Cooke,+L.+(2010).+Mobile+access+to+information+systems+in+law+enforcement:+An+evaluation+of+its+implications+for+data+quality.+Electronic+Journal+Information+Systems+Evaluation+Volume,+13,+143%E2%80%93152.+70&ots=C-adIB8Djs&sig=tNCnxqNgika4gSMmrzGv_UGD-uE},
	urldate = {2015-11-21},
	booktitle = {Proceedings of the {International} {Conference} of {Information} {Management} and {Evaluation}: {Icime} 2010},
	publisher = {Academic Conferences Limited},
	author = {Lindsay, Rachael and Jackson, Thomas and Cooke, Louise},
	year = {2010},
	pages = {188},
	file = {[PDF] from lboro.ac.uk:/Users/Kevin/Library/Application Support/Zotero/Profiles/j2ehnqa5.default/zotero/storage/QTEFE6ID/Lindsay et al. - 2010 - Mobile access to information systems in law enforc.pdf:application/pdf;Snapshot:/Users/Kevin/Library/Application Support/Zotero/Profiles/j2ehnqa5.default/zotero/storage/5ZTV39QU/books.html:text/html}
}

@article{florez-lopez_effects_2010,
	title = {Effects of missing data in credit risk scoring. {A} comparative analysis of methods to achieve robustness in the absence of sufficient data},
	volume = {61},
	url = {http://www.palgrave-journals.com/jors/journal/v61/n3/abs/jors200966a.html},
	number = {3},
	urldate = {2015-11-21},
	journal = {Journal of the Operational Research Society},
	author = {Florez-Lopez, R.},
	year = {2010},
	pages = {486--501},
	file = {[HTML] from palgrave-journals.com:/Users/Kevin/Library/Application Support/Zotero/Profiles/j2ehnqa5.default/zotero/storage/6AARF98M/jors200966a.html:text/html;Snapshot:/Users/Kevin/Library/Application Support/Zotero/Profiles/j2ehnqa5.default/zotero/storage/J7U8KXZ4/jors200966a.html:text/html}
}

@book{anderson_credit_2007-1,
	title = {The {Credit} {Scoring} {Toolkit}: {Theory} and {Practice} for {Retail} {Credit} {Risk} {Management} and {Decision} {Automation}: {Theory} and {Practice} for {Retail} {Credit} {Risk} {Management} and {Decision} {Automation}},
	shorttitle = {The {Credit} {Scoring} {Toolkit}},
	publisher = {OUP Oxford},
	author = {Anderson, Raymond},
	year = {2007}
}

@book{siddiqi_credit_2012-1,
	title = {Credit risk scorecards: developing and implementing intelligent credit scoring},
	volume = {3},
	shorttitle = {Credit risk scorecards},
	url = {https://books.google.com/books?hl=en&lr=&id=SEbCeN3-kEUC&oi=fnd&pg=PT7&dq=Siddiqi,+N.+(2005).+Credit+risk+scorecards:+Developing+and+implementing+intelligent+credit+scoring.+John+Wiley+%26+Sons:+Hoboken,+NJ,+USA.+64,+65,+71,+73,+74,+76,+82,+84,+85,+89,+92,+93&ots=RtST2JcLjR&sig=a6LFckp4lldKGjqAOnEJazTjeeE},
	urldate = {2015-11-21},
	publisher = {John Wiley \& Sons},
	author = {Siddiqi, Naeem},
	year = {2012},
	file = {Snapshot:/Users/Kevin/Library/Application Support/Zotero/Profiles/j2ehnqa5.default/zotero/storage/4XM58VRN/books.html:text/html}
}

@article{crone_instance_2012,
	title = {Instance sampling in credit scoring: {An} empirical study of sample size and balancing},
	volume = {28},
	shorttitle = {Instance sampling in credit scoring},
	url = {http://www.sciencedirect.com/science/article/pii/S0169207011001403},
	number = {1},
	urldate = {2015-11-21},
	journal = {International Journal of Forecasting},
	author = {Crone, Sven F. and Finlay, Steven},
	year = {2012},
	pages = {224--238},
	file = {Snapshot:/Users/Kevin/Library/Application Support/Zotero/Profiles/j2ehnqa5.default/zotero/storage/3IAWXJIT/S0169207011001403.html:text/html}
}

@article{crone_instance_2012-1,
	title = {Instance sampling in credit scoring: {An} empirical study of sample size and balancing},
	volume = {28},
	shorttitle = {Instance sampling in credit scoring},
	url = {http://www.sciencedirect.com/science/article/pii/S0169207011001403},
	number = {1},
	urldate = {2015-11-21},
	journal = {International Journal of Forecasting},
	author = {Crone, Sven F. and Finlay, Steven},
	year = {2012},
	pages = {224--238},
	file = {Snapshot:/Users/Kevin/Library/Application Support/Zotero/Profiles/j2ehnqa5.default/zotero/storage/9IRUQTHC/S0169207011001403.html:text/html}
}

@article{martens_credit_2010,
	title = {Credit rating prediction using ant colony optimization},
	volume = {61},
	url = {http://www.palgrave-journals.com/jors/journal/v61/n4/abs/jors2008164a.html},
	number = {4},
	urldate = {2015-11-21},
	journal = {Journal of the Operational Research Society},
	author = {Martens, David and Van Gestel, Tony and De Backer, Manu and Haesen, Raf and Vanthienen, Jan and Baesens, Bart},
	year = {2010},
	pages = {561--573},
	file = {[HTML] from palgrave-journals.com:/Users/Kevin/Library/Application Support/Zotero/Profiles/j2ehnqa5.default/zotero/storage/62AFN8AT/jors2008164a.html:text/html;Snapshot:/Users/Kevin/Library/Application Support/Zotero/Profiles/j2ehnqa5.default/zotero/storage/NQHDZQXA/jors2008164a.html:text/html}
}

@article{hoadley_[statistical_2001,
	title = {[{Statistical} {Modeling}: {The} {Two} {Cultures}]: {Comment}},
	shorttitle = {[{Statistical} {Modeling}},
	url = {http://www.jstor.org/stable/2676684},
	urldate = {2015-11-21},
	journal = {Statistical Science},
	author = {Hoadley, Bruce},
	year = {2001},
	pages = {220--224},
	file = {Snapshot:/Users/Kevin/Library/Application Support/Zotero/Profiles/j2ehnqa5.default/zotero/storage/WXD7UJC6/2676684.html:text/html}
}

@book{mcnab_principles_2000,
	title = {Principles and practice of consumer credit risk management},
	publisher = {CIB Publishing},
	author = {McNab, Helen and Wynn, Anthea},
	year = {2000}
}

@book{anderson_credit_2007-2,
	title = {The {Credit} {Scoring} {Toolkit}: {Theory} and {Practice} for {Retail} {Credit} {Risk} {Management} and {Decision} {Automation}: {Theory} and {Practice} for {Retail} {Credit} {Risk} {Management} and {Decision} {Automation}},
	shorttitle = {The {Credit} {Scoring} {Toolkit}},
	publisher = {OUP Oxford},
	author = {Anderson, Raymond},
	year = {2007}
}

@article{board_basel_????,
	title = {Basel {Committee} on {Banking} {Supervision}, 2010},
	journal = {Assessing the Macroeconomic Impact of the Transition to Stronger Capital and Liquidity Requirements},
	author = {Board, Financial Stability}
}

@book{siddiqi_credit_2012-2,
	title = {Credit risk scorecards: developing and implementing intelligent credit scoring},
	volume = {3},
	shorttitle = {Credit risk scorecards},
	url = {https://books.google.com/books?hl=en&lr=&id=SEbCeN3-kEUC&oi=fnd&pg=PT7&dq=Siddiqi,+N.+(2005).+Credit+risk+scorecards:+Developing+and+implementing+intelligent+credit+scoring.+John+Wiley+%26+Sons:+Hoboken,+NJ,+USA.+64,+65,+71,+73,+74,+76,+82,+84,+85,+89,+92,+93&ots=RtST2QiIeW&sig=t5lmmn2qktVogaNY2xJT5zTb0Ro},
	urldate = {2015-11-22},
	publisher = {John Wiley \& Sons},
	author = {Siddiqi, Naeem},
	year = {2012},
	file = {Snapshot:/Users/Kevin/Library/Application Support/Zotero/Profiles/j2ehnqa5.default/zotero/storage/CM8HE5NU/books.html:text/html}
}

@book{bishop_pattern_2006,
	title = {Pattern recognition and machine learning},
	url = {http://cds.cern.ch/record/998831/files/9780387310732_TOC.pdf},
	urldate = {2015-11-22},
	publisher = {springer},
	author = {Bishop, Christopher M.},
	year = {2006},
	file = {[PDF] from cern.ch:/Users/Kevin/Library/Application Support/Zotero/Profiles/j2ehnqa5.default/zotero/storage/GR4VIXRZ/Bishop - 2006 - Pattern recognition and machine learning.pdf:application/pdf}
}

@article{guyon_introduction_2003,
	title = {An introduction to variable and feature selection},
	volume = {3},
	url = {http://dl.acm.org/citation.cfm?id=944968},
	urldate = {2015-11-22},
	journal = {The Journal of Machine Learning Research},
	author = {Guyon, Isabelle and Elisseeff, André},
	year = {2003},
	pages = {1157--1182},
	file = {[PDF] from wustl.edu:/Users/Kevin/Library/Application Support/Zotero/Profiles/j2ehnqa5.default/zotero/storage/ZIEQTRU4/Guyon and Elisseeff - 2003 - An introduction to variable and feature selection.pdf:application/pdf;Snapshot:/Users/Kevin/Library/Application Support/Zotero/Profiles/j2ehnqa5.default/zotero/storage/T3D2PJKI/citation.html:text/html}
}

@book{mays_credit_2004,
	title = {Credit scoring for risk managers: {The} handbook for lenders},
	shorttitle = {Credit scoring for risk managers},
	publisher = {Thomson/South-Western},
	author = {Mays, Freda Elizabeth},
	year = {2004}
}

@incollection{loughrey_overfitting_2005,
	title = {Overfitting in wrapper-based feature subset selection: {The} harder you try the worse it gets},
	shorttitle = {Overfitting in wrapper-based feature subset selection},
	url = {http://link.springer.com/chapter/10.1007/1-84628-102-4_3},
	urldate = {2015-11-22},
	booktitle = {Research and {Development} in {Intelligent} {Systems} {XXI}},
	publisher = {Springer},
	author = {Loughrey, John and Cunningham, Pádraig},
	year = {2005},
	pages = {33--43},
	file = {[PDF] from edepositireland.ie:/Users/Kevin/Library/Application Support/Zotero/Profiles/j2ehnqa5.default/zotero/storage/ATH33F88/Loughrey and Cunningham - 2005 - Overfitting in wrapper-based feature subset select.pdf:application/pdf;Snapshot:/Users/Kevin/Library/Application Support/Zotero/Profiles/j2ehnqa5.default/zotero/storage/HR9N4SFM/1-84628-102-4_3.html:text/html}
}

@article{mwangi_determinants_2011,
	title = {Determinants of {Access} to {Credit} by {Individuals} in {Kenya}: {A} {Comparative} {Analysis} of the {Kenya} {National} {FinAccess} {Surveys} of 2006 and 2009},
	volume = {3},
	shorttitle = {Determinants of {Access} to {Credit} by {Individuals} in {Kenya}},
	url = {http://iiste.org/Journals/index.php/EJBM/article/view/278},
	number = {3},
	urldate = {2015-11-22},
	journal = {European Journal of Business and Management},
	author = {Mwangi, Isaac Wachira and Sichei, Moses Muse},
	year = {2011},
	pages = {206--226},
	file = {[PDF] from iiste.org:/Users/Kevin/Library/Application Support/Zotero/Profiles/j2ehnqa5.default/zotero/storage/J7EDS82W/Mwangi and Sichei - 2011 - Determinants of Access to Credit by Individuals in.pdf:application/pdf;Snapshot:/Users/Kevin/Library/Application Support/Zotero/Profiles/j2ehnqa5.default/zotero/storage/GPGF65HD/278.html:text/html}
}

@article{diamantopoulos_formative_2006,
	title = {Formative versus reflective indicators in organizational measure development: {A} comparison and empirical illustration},
	volume = {17},
	shorttitle = {Formative versus reflective indicators in organizational measure development},
	url = {http://onlinelibrary.wiley.com/doi/10.1111/j.1467-8551.2006.00500.x/full},
	number = {4},
	urldate = {2015-11-22},
	journal = {British Journal of Management},
	author = {Diamantopoulos, Adamantios and Siguaw, Judy A.},
	year = {2006},
	pages = {263--282},
	file = {[PDF] from researchgate.net:/Users/Kevin/Library/Application Support/Zotero/Profiles/j2ehnqa5.default/zotero/storage/QSEHTASJ/Diamantopoulos and Siguaw - 2006 - Formative versus reflective indicators in organiza.pdf:application/pdf;Snapshot:/Users/Kevin/Library/Application Support/Zotero/Profiles/j2ehnqa5.default/zotero/storage/E83RMCWA/full.html:text/html}
}

@phdthesis{hing_investigation_2008,
	title = {An investigation of artificial immune systems and variable selection techniques for credit scoring},
	url = {https://researchbank.rmit.edu.au/view/rmit:6726},
	urldate = {2015-11-22},
	school = {RMIT University},
	author = {Hing, Kevin Leung Kan},
	year = {2008},
	file = {[PDF] from rmit.edu.au:/Users/Kevin/Library/Application Support/Zotero/Profiles/j2ehnqa5.default/zotero/storage/IRPATF2E/Hing - 2008 - An investigation of artificial immune systems and .pdf:application/pdf;Snapshot:/Users/Kevin/Library/Application Support/Zotero/Profiles/j2ehnqa5.default/zotero/storage/VGS29DKR/rmit6726.html:text/html}
}

@book{carroll_transformation_1988,
	title = {Transformation and weighting in regression},
	volume = {30},
	url = {https://books.google.com/books?hl=en&lr=&id=I5rGEPJd57AC&oi=fnd&pg=PR9&dq=Carroll,+R.+%26+Ruppert,+D.+(1988).+Transformation+and+weighting+in+regression.+Chapman+%26+Hall/CRC:+London.+81&ots=EEdWp_Dn4x&sig=y7puXLSidbGMjAcp-8-aYaWAXVs},
	urldate = {2015-11-22},
	publisher = {CRC Press},
	author = {Carroll, Raymond J. and Ruppert, David},
	year = {1988},
	file = {Snapshot:/Users/Kevin/Library/Application Support/Zotero/Profiles/j2ehnqa5.default/zotero/storage/MEER4RPX/books.html:text/html}
}

@article{hand_optimal_2005,
	title = {Optimal bipartite scorecards},
	volume = {29},
	url = {http://www.sciencedirect.com/science/article/pii/S0957417405000850},
	number = {3},
	urldate = {2015-11-22},
	journal = {Expert Systems with Applications},
	author = {Hand, David J. and Sohn, So Young and Kim, Yoonseong},
	year = {2005},
	pages = {684--690},
	file = {Snapshot:/Users/Kevin/Library/Application Support/Zotero/Profiles/j2ehnqa5.default/zotero/storage/FW83W6VP/S0957417405000850.html:text/html}
}

@article{baesens_50_2009-2,
	title = {50 years of data mining and {OR}: upcoming trends and challenges},
	shorttitle = {50 years of data mining and {OR}},
	url = {http://www.palgrave-journals.com/jors/journal/v60/ns1/abs/jors2008171a.html},
	urldate = {2015-11-22},
	journal = {Journal of the Operational Research Society},
	author = {Baesens, Bart and Mues, Christophe and Martens, David and Vanthienen, Jan},
	year = {2009},
	pages = {S16--S23},
	file = {[HTML] from palgrave-journals.com:/Users/Kevin/Library/Application Support/Zotero/Profiles/j2ehnqa5.default/zotero/storage/VRCIHCWE/jors2008171a.html:text/html;Snapshot:/Users/Kevin/Library/Application Support/Zotero/Profiles/j2ehnqa5.default/zotero/storage/KRR2CG8A/jors2008171a.html:text/html}
}

@article{hand_optimal_2005-1,
	title = {Optimal bipartite scorecards},
	volume = {29},
	url = {http://www.sciencedirect.com/science/article/pii/S0957417405000850},
	number = {3},
	urldate = {2015-11-22},
	journal = {Expert Systems with Applications},
	author = {Hand, David J. and Sohn, So Young and Kim, Yoonseong},
	year = {2005},
	pages = {684--690},
	file = {Snapshot:/Users/Kevin/Library/Application Support/Zotero/Profiles/j2ehnqa5.default/zotero/storage/CR633PGT/S0957417405000850.html:text/html}
}

@article{lin_predicting_2012,
	title = {Predicting default of a small business using different definitions of financial distress},
	volume = {63},
	url = {http://www.palgrave-journals.com/jors/journal/v63/n4/abs/jors201165a.html},
	number = {4},
	urldate = {2015-11-22},
	journal = {Journal of the Operational Research Society},
	author = {Lin, S. M. and Ansell, Jake and Andreeva, Galina},
	year = {2012},
	pages = {539--548},
	file = {[HTML] from palgrave-journals.com:/Users/Kevin/Library/Application Support/Zotero/Profiles/j2ehnqa5.default/zotero/storage/ZAW22BQS/jors201165a.html:text/html;Snapshot:/Users/Kevin/Library/Application Support/Zotero/Profiles/j2ehnqa5.default/zotero/storage/IQ57EJ8D/jors201165a.html:text/html}
}

@book{thomas_credit_2002,
	title = {Credit scoring and its applications},
	url = {https://books.google.com/books?hl=en&lr=&id=GMWcWuBDJZUC&oi=fnd&pg=PR2&dq=Thomas,+L.C.,+Edelman,+D.B.+%26+Crook,+J.N.+(2002).+Credit+scoring+and+its+applications.+Society+for+Industrial+and+Applied+Mathematics,+Philadelphia,+USA.+24,+53,+85,+86,+126,+248&ots=FVR8jOI5fx&sig=QRh8WFOZKBc4b03WH3RWGmrF4PY},
	urldate = {2015-11-22},
	publisher = {Siam},
	author = {Thomas, Lyn C. and Edelman, David B. and Crook, Jonathan N.},
	year = {2002},
	file = {[HTML] from siam.org:/Users/Kevin/Library/Application Support/Zotero/Profiles/j2ehnqa5.default/zotero/storage/BGQWDMM9/mm06.html:text/html;Snapshot:/Users/Kevin/Library/Application Support/Zotero/Profiles/j2ehnqa5.default/zotero/storage/RE2K4PK4/books.html:text/html}
}

@inproceedings{chandler_using_1977,
	title = {Using credit scoring to improve the quality of consumer receivables: legal and statistical implications},
	shorttitle = {Using credit scoring to improve the quality of consumer receivables},
	booktitle = {Financial {Management} {Association} meetings, {Seattle}, {Washington}},
	author = {Chandler, Gary G. and Coffman, John Y.},
	year = {1977}
}

@article{hand_can_1993,
	title = {Can reject inference ever work?},
	volume = {5},
	url = {http://imaman.oxfordjournals.org/content/5/1/45.short},
	number = {1},
	urldate = {2015-11-22},
	journal = {IMA Journal of Management Mathematics},
	author = {Hand, David J. and Henley, William E.},
	year = {1993},
	pages = {45--55},
	file = {[PDF] from neicon.ru:/Users/Kevin/Library/Application Support/Zotero/Profiles/j2ehnqa5.default/zotero/storage/RQ9TE6FJ/Hand and Henley - 1993 - Can reject inference ever work.pdf:application/pdf;Snapshot:/Users/Kevin/Library/Application Support/Zotero/Profiles/j2ehnqa5.default/zotero/storage/8RM9D3ZW/45.html:text/html}
}

@article{sherlock_analysis_2000,
	title = {Analysis of large-scale gene expression data},
	volume = {12},
	url = {http://www.sciencedirect.com/science/article/pii/S0952791599000746},
	number = {2},
	urldate = {2015-11-22},
	journal = {Current opinion in immunology},
	author = {Sherlock, Gavin},
	year = {2000},
	pages = {201--205},
	file = {[PDF] from stanford.edu:/Users/Kevin/Library/Application Support/Zotero/Profiles/j2ehnqa5.default/zotero/storage/TIENR2XT/Sherlock - 2000 - Analysis of large-scale gene expression data.pdf:application/pdf;Snapshot:/Users/Kevin/Library/Application Support/Zotero/Profiles/j2ehnqa5.default/zotero/storage/5JSAG3BF/S0952791599000746.html:text/html}
}

@book{breiman_classification_1984,
	title = {Classification and regression trees},
	publisher = {CRC press},
	author = {Breiman, Leo and Friedman, Jerome and Stone, Charles J. and Olshen, Richard A.},
	year = {1984}
}

@article{bijak_does_2012,
	title = {Does segmentation always improve model performance in credit scoring?},
	volume = {39},
	url = {http://www.sciencedirect.com/science/article/pii/S0957417411012243},
	number = {3},
	urldate = {2015-11-22},
	journal = {Expert Systems with Applications},
	author = {Bijak, Katarzyna and Thomas, Lyn C.},
	year = {2012},
	pages = {2433--2442},
	file = {Snapshot:/Users/Kevin/Library/Application Support/Zotero/Profiles/j2ehnqa5.default/zotero/storage/GCQHIQ4K/S0957417411012243.html:text/html}
}

@article{kass_exploratory_1980,
	title = {An exploratory technique for investigating large quantities of categorical data},
	url = {http://www.jstor.org/stable/2986296},
	urldate = {2015-11-22},
	journal = {Applied statistics},
	author = {Kass, Gordon V.},
	year = {1980},
	pages = {119--127},
	file = {Snapshot:/Users/Kevin/Library/Application Support/Zotero/Profiles/j2ehnqa5.default/zotero/storage/IIN886BX/2986296.html:text/html}
}

@article{chan_lotus:_2004,
	title = {{LOTUS}: {An} algorithm for building accurate and comprehensible logistic regression trees},
	volume = {13},
	shorttitle = {{LOTUS}},
	url = {http://www.tandfonline.com/doi/abs/10.1198/106186004X13064},
	number = {4},
	urldate = {2015-11-22},
	journal = {Journal of Computational and Graphical Statistics},
	author = {Chan, Kin-Yee and Loh, Wei-Yin},
	year = {2004},
	pages = {826--852},
	file = {[PDF] from psu.edu:/Users/Kevin/Library/Application Support/Zotero/Profiles/j2ehnqa5.default/zotero/storage/WMCQMIUS/Chan and Loh - 2004 - LOTUS An algorithm for building accurate and comp.pdf:application/pdf;Snapshot:/Users/Kevin/Library/Application Support/Zotero/Profiles/j2ehnqa5.default/zotero/storage/8SM4PAVP/cookieAbsent.html:text/html}
}

@misc{_credit_????,
	title = {Credit {Information}: {What} is a {FICO}® {Score}?},
	url = {http://www.myfico.com/CreditEducation/articles/},
	urldate = {2015-11-22},
	file = {Credit Information\: What is a FICO® Score?:/Users/Kevin/Library/Application Support/Zotero/Profiles/j2ehnqa5.default/zotero/storage/BKSQTN97/articles.html:text/html}
}

@article{thomas_recalibrating_2001,
	title = {Recalibrating scorecards},
	url = {http://www.jstor.org/stable/822777},
	urldate = {2015-11-22},
	journal = {Journal of the Operational Research Society},
	author = {Thomas, L. C. and Banasik, J. and Crook, J. N.},
	year = {2001},
	pages = {981--988},
	file = {Snapshot:/Users/Kevin/Library/Application Support/Zotero/Profiles/j2ehnqa5.default/zotero/storage/FGZE3IZ2/822777.html:text/html}
}

@article{stein_benchmarking_2002,
	title = {Benchmarking default prediction models: {Pitfalls} and remedies in model validation},
	volume = {20305},
	shorttitle = {Benchmarking default prediction models},
	url = {http://www.rogermstein.com/wp-content/uploads/BenchmarkingDefaultPredictionModels_TR030124.pdf},
	urldate = {2015-11-22},
	journal = {Moody’s KMV, New York},
	author = {Stein, Roger M.},
	year = {2002},
	file = {[PDF] from rogermstein.com:/Users/Kevin/Library/Application Support/Zotero/Profiles/j2ehnqa5.default/zotero/storage/JXSCC58K/Stein - 2002 - Benchmarking default prediction models Pitfalls a.pdf:application/pdf}
}

@article{hand_statistical_1997,
	title = {Statistical classification methods in consumer credit scoring: a review},
	shorttitle = {Statistical classification methods in consumer credit scoring},
	url = {http://www.jstor.org/stable/2983268},
	urldate = {2016-01-06},
	journal = {Journal of the Royal Statistical Society. Series A (Statistics in Society)},
	author = {Hand, David J. and Henley, William E.},
	year = {1997},
	pages = {523--541},
	file = {Snapshot:/Users/Kevin/Library/Application Support/Zotero/Profiles/j2ehnqa5.default/zotero/storage/QASSAX75/2983268.html:text/html}
}
ß
@article{basel_international_2006,
	title = {International {Convergence} of {Capital} {Measurement} and {Capital} {Standards}: {A} {Revised} {Framework} - {Comprehensive} {Version}, {June} 2006 - bcbs128.pdf},
	author = {BCBS},
	year = {2005},
	url = {http://www.bis.org/publ/bcbs128.pdf},
	urldate = {2016-01-13},
	file = {International Convergence of Capital Measurement and Capital Standards\: A Revised Framework - Comprehensive Version, June 2006 - bcbs128.pdf:/Users/Kevin/Library/Application Support/Zotero/Profiles/j2ehnqa5.default/zotero/storage/JXMM724G/bcbs128.html:text/html}
}

@inproceedings{brodersen_balanced_2010,
	title = {The balanced accuracy and its posterior distribution},
	url = "\url{http://ieeexplore.ieee.org/xpls/abs_all.jsp?arnumber=5597285}",
	urldate = {2016-02-10},
	booktitle = {Pattern recognition ({ICPR}), 2010 20th international conference on},
	publisher = {IEEE},
	author = {Brodersen, Kay H. and Ong, Cheng Soon and Stephan, Klaas E. and Buhmann, Joachim M.},
	year = {2010},
	pages = {3121--3124},
	file = {[PDF] from ethz.ch:/Users/Kevin/Library/Application Support/Zotero/Profiles/j2ehnqa5.default/zotero/storage/2CSD2E5P/Brodersen et al. - 2010 - The balanced accuracy and its posterior distributi.pdf:application/pdf;Snapshot:/Users/Kevin/Library/Application Support/Zotero/Profiles/j2ehnqa5.default/zotero/storage/29UG5VWC/login.html:text/html}
}

@article{chawla_smote:_2002,
	title = {{SMOTE}: synthetic minority over-sampling technique},
	shorttitle = {{SMOTE}},
	url = "\url{http://www.jair.org/papers/paper953.html}",
	urldate = {2016-02-12},
	journal = {Journal of artificial intelligence research},
	author = {Chawla, Nitesh V. and Bowyer, Kevin W. and Hall, Lawrence O. and Kegelmeyer, W. Philip},
	year = {2002},
	pages = {321--357},
	file = {[PDF] from jair.org:/Users/Kevin/Library/Application Support/Zotero/Profiles/j2ehnqa5.default/zotero/storage/I2QHNCRI/Chawla et al. - 2002 - SMOTE synthetic minority over-sampling technique.pdf:application/pdf;Snapshot:/Users/Kevin/Library/Application Support/Zotero/Profiles/j2ehnqa5.default/zotero/storage/WH5WJKK4/paper953.html:text/html}
}

@article{seiffert_improving_2009,
	title = {Improving software-quality predictions with data sampling and boosting},
	volume = {39},
	url = "\url{http://ieeexplore.ieee.org/xpls/abs_all.jsp?arnumber=5233804}",
	number = {6},
	urldate = {2016-02-12},
	journal = {Systems, Man and Cybernetics, Part A: Systems and Humans, IEEE Transactions on},
	author = {Seiffert, Chris and Khoshgoftaar, Taghi M. and Van Hulse, Jason},
	year = {2009},
	pages = {1283--1294},
	file = {Snapshot:/Users/Kevin/Library/Application Support/Zotero/Profiles/j2ehnqa5.default/zotero/storage/5TIXTBUP/login.html:text/html}
}


@article{he_learning_2009,
	title = {Learning from imbalanced data},
	volume = {21},
	url = "\url{http://ieeexplore.ieee.org/xpls/abs_all.jsp?arnumber=5128907}",
	number = {9},
	urldate = {2016-02-12},
	journal = {Knowledge and Data Engineering, IEEE Transactions on},
	author = {He, Haibo and Garcia, Edwardo A.},
	year = {2009},
	pages = {1263--1284},
	file = {Snapshot:/Users/Kevin/Library/Application Support/Zotero/Profiles/j2ehnqa5.default/zotero/storage/KI56SIVT/login.html:text/html}
}

@incollection{refaeilzadeh_cross-validation_2009,
	title = {Cross-validation},
	url = "\url{http://link.springer.com/10.1007/978-0-387-39940-9_565}",
	urldate = {2016-02-12},
	booktitle = {Encyclopedia of database systems},
	publisher = {Springer},
	author = {Refaeilzadeh, Payam and Tang, Lei and Liu, Huan},
	year = {2009},
	pages = {532--538},
	file = {Snapshot:/Users/Kevin/Library/Application Support/Zotero/Profiles/j2ehnqa5.default/zotero/storage/6AK9PXX8/10.html:text/html}
}

@article{salzberg_comparing_1997,
	title = {On comparing classifiers: {Pitfalls} to avoid and a recommended approach},
	volume = {1},
	shorttitle = {On comparing classifiers},
	url = {http://link.springer.com/article/10.1023/A:1009752403260},
	number = {3},
	urldate = {2016-02-14},
	journal = {Data mining and knowledge discovery},
	author = {Salzberg, Steven L.},
	year = {1997},
	pages = {317--328},
	file = {[PDF] from psu.edu:/Users/Kevin/Library/Application Support/Zotero/Profiles/j2ehnqa5.default/zotero/storage/SBQBJESQ/Salzberg - 1997 - On comparing classifiers Pitfalls to avoid and a .pdf:application/pdf;Snapshot:/Users/Kevin/Library/Application Support/Zotero/Profiles/j2ehnqa5.default/zotero/storage/JI5VAGSQ/A1009752403260.html:text/html}
}

@inproceedings{kohavi_study_1995,
	title = {A study of cross-validation and bootstrap for accuracy estimation and model selection},
	volume = {14},
	url = {https://www.researchgate.net/profile/Ron\_Kohavi/publication/2352264\_A\_Study\_of\_Cross-Validation\_and\_Bootstrap\_for\_Accuracy\_Estimation\_and\_Model\_Selection/links/02e7e51bcc14c5e91c000000.pdf},
	urldate = {2016-02-14},
	booktitle = {Ijcai},
	author = {Kohavi, Ron and {others}},
	year = {1995},
	pages = {1137--1145},
	file = {[PDF] from researchgate.net:/Users/Kevin/Library/Application Support/Zotero/Profiles/j2ehnqa5.default/zotero/storage/DTK2JH9W/Kohavi and others - 1995 - A study of cross-validation and bootstrap for accu.pdf:application/pdf}
}

@article{kennedy_credit_2013,
	title = {Credit {Scoring} {Using} {Machine} {Learning}},
	url = {http://arrow.dit.ie/sciendoc/137/},
	urldate = {2016-02-14},
	author = {Kennedy, Kenneth},
	year = {2013},
	file = {[PDF] from dit.ie:/Users/Kevin/Library/Application Support/Zotero/Profiles/j2ehnqa5.default/zotero/storage/3IVF24P5/Kennedy - 2013 - Credit Scoring Using Machine Learning.pdf:application/pdf;Snapshot:/Users/Kevin/Library/Application Support/Zotero/Profiles/j2ehnqa5.default/zotero/storage/4HFC6TEM/137.html:text/html}
}

@article{zou_modified_2004,
	title = {A modified poisson regression approach to prospective studies with binary data},
	volume = {159},
	url = {https://aje.oxfordjournals.org/content/159/7/702.full},
	number = {7},
	urldate = {2016-02-15},
	journal = {American journal of epidemiology},
	author = {Zou, Guangyong},
	year = {2004},
	pages = {702--706},
	file = {[HTML] from oxfordjournals.org:/Users/Kevin/Library/Application Support/Zotero/Profiles/j2ehnqa5.default/zotero/storage/5EXIXRCT/702.html:text/html}
}

@article{henley_k-nearest-neighbour_1996,
	title = {A k-nearest-neighbour classifier for assessing consumer credit risk},
	url = {http://www.jstor.org/stable/2348414},
	urldate = {2016-02-17},
	journal = {The Statistician},
	author = {Henley, W. E. and Hand, David J.},
	year = {1996},
	pages = {77--95},
	file = {[PDF] from ucsd.edu:/Users/Kevin/Library/Application Support/Zotero/Profiles/j2ehnqa5.default/zotero/storage/EFR7RQH7/Henley and Hand - 1996 - A k-nearest-neighbour classifier for assessing con.pdf:application/pdf;Snapshot:/Users/Kevin/Library/Application Support/Zotero/Profiles/j2ehnqa5.default/zotero/storage/CG5DD9N2/2348414.html:text/html}
}

@article{cover_nearest_1967,
	title = {Nearest neighbor pattern classification},
	volume = {13},
	url = {http://ieeexplore.ieee.org/xpls/abs\_all.jsp?arnumber=1053964},
	number = {1},
	urldate = {2016-02-17},
	journal = {Information Theory, IEEE Transactions on},
	author = {Cover, Thomas M. and Hart, Peter E.},
	year = {1967},
	pages = {21--27},
	file = {Snapshot:/Users/Kevin/Library/Application Support/Zotero/Profiles/j2ehnqa5.default/zotero/storage/TRXUTJ4D/login.html:text/html}
}

@article{keller_fuzzy_1985,
	title = {A fuzzy k-nearest neighbor algorithm},
	url = {http://ieeexplore.ieee.org/xpls/abs\_all.jsp?arnumber=6313426},
	number = {4},
	urldate = {2016-02-17},
	journal = {Systems, Man and Cybernetics, IEEE Transactions on},
	author = {Keller, James M. and Gray, Michael R. and Givens, James A.},
	year = {1985},
	pages = {580--585},
	file = {Snapshot:/Users/Kevin/Library/Application Support/Zotero/Profiles/j2ehnqa5.default/zotero/storage/ND7IH8UQ/login.html:text/html}
}

@inproceedings{sarwar_item-based_2001,
	title = {Item-based collaborative filtering recommendation algorithms},
	url = {http://dl.acm.org/citation.cfm?id=372071},
	urldate = {2016-02-17},
	booktitle = {Proceedings of the 10th international conference on {World} {Wide} {Web}},
	publisher = {ACM},
	author = {Sarwar, Badrul and Karypis, George and Konstan, Joseph and Riedl, John},
	year = {2001},
	pages = {285--295},
	file = {[PDF] from ethz.ch:/Users/Kevin/Library/Application Support/Zotero/Profiles/j2ehnqa5.default/zotero/storage/GJ55T6G4/Sarwar et al. - 2001 - Item-based collaborative filtering recommendation .pdf:application/pdf;Snapshot:/Users/Kevin/Library/Application Support/Zotero/Profiles/j2ehnqa5.default/zotero/storage/MNZ8WQCJ/citation.html:text/html}
}

@article{quinlan_induction_1986,
	title = {Induction of decision trees},
	volume = {1},
	url = {http://link.springer.com/article/10.1023/A:1022643204877},
	number = {1},
	urldate = {2016-02-18},
	journal = {Machine learning},
	author = {Quinlan, J. Ross},
	year = {1986},
	pages = {81--106},
	file = {[PDF] from umd.edu:/Users/Kevin/Library/Application Support/Zotero/Profiles/j2ehnqa5.default/zotero/storage/PNMCPS5Q/Quinlan - 1986 - Induction of decision trees.pdf:application/pdf;Snapshot:/Users/Kevin/Library/Application Support/Zotero/Profiles/j2ehnqa5.default/zotero/storage/QQ2QDW5J/A1022643204877.html:text/html}
}
